    @manual{CCC:2017,
      title  = "Cloud Container Technologies:a State-of-the-Art Revie",
      author = "Claus Pahl, Jacopo Soldani and Pooyan Jamshidi",
      url    = "https://www.researchgate.net/publication/316903410_Cloud_Container_Technologies_A_State-of-the-Art_Review",
      year   = "May 2017"
    }

	@article{osti_1244917,
		title = {The Role of Container Technology in Reproducible Computer Systems Research.},
		author = {Lofstead, Gerald Fredrick, and Jimenez, Ivo and Maltzahn, Carlos and Moody, Adam and Mohror, Kathryn and Arpaci-Dusseau, Remzi},
		abstractNote = {Abstract not provided.},
		doi = {},
		journal = {},
		number = ,
		volume = ,
		place = {United States},
		year = {2015},
		month = {1}
	}
    @manual{pii:2014,
	title  = "Performance of Jails versus Virtualization for Cloud Computing Solutions",
	url    = "https://www.sciencedirect.com/science/article/pii/S2212017314002400",
	author = "Carlos Antunesa, Ricardo Vardasca",
	year   = "2014"
	}
